[gd_scene load_steps=32 format=2]

[ext_resource path="res://assets/ruins/ancientDanceAnimation.png" type="Texture" id=1]
[ext_resource path="res://player/ancientDancePlayerAnimation.png" type="Texture" id=2]
[ext_resource path="res://dialog/dialog.tscn" type="PackedScene" id=3]
[ext_resource path="res://characters/communication/communication_area.tscn" type="PackedScene" id=4]
[ext_resource path="res://ruins/ancient_dancer.gd" type="Script" id=5]

[sub_resource type="AtlasTexture" id=1]
flags = 4
atlas = ExtResource( 1 )
region = Rect2( 0, 0, 360, 300 )

[sub_resource type="AtlasTexture" id=2]
flags = 4
atlas = ExtResource( 1 )
region = Rect2( 360, 0, 360, 300 )

[sub_resource type="AtlasTexture" id=3]
flags = 4
atlas = ExtResource( 1 )
region = Rect2( 720, 0, 360, 300 )

[sub_resource type="AtlasTexture" id=4]
flags = 4
atlas = ExtResource( 1 )
region = Rect2( 1080, 0, 360, 300 )

[sub_resource type="AtlasTexture" id=5]
flags = 4
atlas = ExtResource( 1 )
region = Rect2( 1440, 0, 360, 300 )

[sub_resource type="AtlasTexture" id=6]
flags = 4
atlas = ExtResource( 1 )
region = Rect2( 1800, 0, 360, 300 )

[sub_resource type="AtlasTexture" id=7]
flags = 4
atlas = ExtResource( 1 )
region = Rect2( 1800, 300, 360, 300 )

[sub_resource type="AtlasTexture" id=8]
flags = 4
atlas = ExtResource( 1 )
region = Rect2( 1440, 300, 360, 300 )

[sub_resource type="AtlasTexture" id=9]
flags = 4
atlas = ExtResource( 1 )
region = Rect2( 1080, 300, 360, 300 )

[sub_resource type="AtlasTexture" id=10]
flags = 4
atlas = ExtResource( 1 )
region = Rect2( 720, 300, 360, 300 )

[sub_resource type="AtlasTexture" id=11]
flags = 4
atlas = ExtResource( 1 )
region = Rect2( 360, 300, 360, 300 )

[sub_resource type="AtlasTexture" id=12]
flags = 4
atlas = ExtResource( 1 )
region = Rect2( 0, 300, 360, 300 )

[sub_resource type="SpriteFrames" id=13]
animations = [ {
"frames": [ SubResource( 1 ), SubResource( 2 ), SubResource( 3 ), SubResource( 4 ), SubResource( 5 ), SubResource( 6 ), SubResource( 7 ), SubResource( 8 ), SubResource( 9 ), SubResource( 10 ), SubResource( 11 ), SubResource( 12 ) ],
"loop": true,
"name": "default",
"speed": 5.0
} ]

[sub_resource type="AtlasTexture" id=14]
flags = 4
atlas = ExtResource( 2 )
region = Rect2( 0, 0, 360, 300 )

[sub_resource type="AtlasTexture" id=15]
flags = 4
atlas = ExtResource( 2 )
region = Rect2( 360, 0, 360, 300 )

[sub_resource type="AtlasTexture" id=16]
flags = 4
atlas = ExtResource( 2 )
region = Rect2( 720, 0, 360, 300 )

[sub_resource type="AtlasTexture" id=17]
flags = 4
atlas = ExtResource( 2 )
region = Rect2( 1080, 0, 360, 300 )

[sub_resource type="AtlasTexture" id=18]
flags = 4
atlas = ExtResource( 2 )
region = Rect2( 1440, 0, 360, 300 )

[sub_resource type="AtlasTexture" id=19]
flags = 4
atlas = ExtResource( 2 )
region = Rect2( 1800, 0, 360, 300 )

[sub_resource type="AtlasTexture" id=20]
flags = 4
atlas = ExtResource( 2 )
region = Rect2( 1800, 300, 360, 300 )

[sub_resource type="AtlasTexture" id=21]
flags = 4
atlas = ExtResource( 2 )
region = Rect2( 1440, 300, 360, 300 )

[sub_resource type="AtlasTexture" id=22]
flags = 4
atlas = ExtResource( 2 )
region = Rect2( 1080, 300, 360, 300 )

[sub_resource type="AtlasTexture" id=23]
flags = 4
atlas = ExtResource( 2 )
region = Rect2( 720, 300, 360, 300 )

[sub_resource type="AtlasTexture" id=24]
flags = 4
atlas = ExtResource( 2 )
region = Rect2( 360, 300, 360, 300 )

[sub_resource type="AtlasTexture" id=25]
flags = 4
atlas = ExtResource( 2 )
region = Rect2( 0, 300, 360, 300 )

[sub_resource type="SpriteFrames" id=26]
animations = [ {
"frames": [ SubResource( 14 ), SubResource( 15 ), SubResource( 16 ), SubResource( 17 ), SubResource( 18 ), SubResource( 19 ), SubResource( 20 ), SubResource( 21 ), SubResource( 22 ), SubResource( 23 ), SubResource( 24 ), SubResource( 25 ) ],
"loop": true,
"name": "default",
"speed": 5.0
} ]

[node name="AncientDancer" type="StaticBody2D" groups=[
"timeguys",
]]
visible = false
position = Vector2( 12.6793, -23.5106 )
script = ExtResource( 5 )

[node name="AnimatedSprite" type="AnimatedSprite" parent="."]
position = Vector2( 0, -2.37836 )
scale = Vector2( 0.55, 0.55 )
frames = SubResource( 13 )
frame = 7
playing = true

[node name="CollisionPolygon2D" type="CollisionPolygon2D" parent="."]
scale = Vector2( 0.55, 0.55 )
polygon = PoolVector2Array( -78.5676, 103.228, -98.9991, 71.8997, -79.9297, 33.7609, 19.5033, 29.6746, 49.4696, 65.0892, 27.6759, 104.59 )

[node name="PlayerDancing" type="StaticBody2D" parent="."]
visible = false
position = Vector2( 208.674, 56.8099 )
scale = Vector2( 0.55, 0.55 )

[node name="AnimatedSprite" type="AnimatedSprite" parent="PlayerDancing"]
position = Vector2( 34.5533, -67.7269 )
frames = SubResource( 26 )
frame = 7
playing = true

[node name="CollisionPolygon2D" type="CollisionPolygon2D" parent="PlayerDancing"]
position = Vector2( 34.016, -68.0322 )
polygon = PoolVector2Array( -78.5676, 103.228, -98.9991, 71.8997, -79.9297, 33.7609, 19.5033, 29.6746, 49.4696, 65.0892, 27.6759, 104.59 )

[node name="CommunicationArea" parent="." instance=ExtResource( 4 )]
position = Vector2( -16.6032, 23.6493 )

[node name="Dialog" parent="." instance=ExtResource( 3 )]
dialog_text = "What am I doing here? That is the beauty of ancient dance! Come dance with me."
first_button_text = "No that looks silly..."
second_button_text = "Yeah! Dance!"
[connection signal="talk" from="CommunicationArea" to="Dialog" method="show"]
[connection signal="second_button_pressed" from="Dialog" to="." method="dancing"]
