[gd_scene load_steps=37 format=2]

[ext_resource path="res://assets/ruins/clocktower_plateau.png" type="Texture" id=1]
[ext_resource path="res://assets/ruins/clocktower.png" type="Texture" id=2]
[ext_resource path="res://ruins/clocktower/pendulum.tscn" type="PackedScene" id=3]
[ext_resource path="res://assets/ruins/clocktower_gear1.png" type="Texture" id=4]
[ext_resource path="res://ruins/gear.gd" type="Script" id=5]
[ext_resource path="res://assets/ruins/clocktower_gear2.png" type="Texture" id=6]
[ext_resource path="res://assets/ruins/clocktower_gear3.png" type="Texture" id=7]
[ext_resource path="res://assets/ruins/clocktower_gear8.png" type="Texture" id=8]
[ext_resource path="res://assets/ruins/clocktower_gear7.png" type="Texture" id=9]
[ext_resource path="res://assets/ruins/clocktower_gear9.png" type="Texture" id=10]
[ext_resource path="res://assets/ruins/clocktower_gear4.png" type="Texture" id=11]
[ext_resource path="res://assets/ruins/clocktower_gear10.png" type="Texture" id=12]
[ext_resource path="res://assets/ruins/clocktower_gear6.png" type="Texture" id=13]
[ext_resource path="res://assets/ruins/clocktower_gear5.png" type="Texture" id=14]
[ext_resource path="res://ruins/gear2.gd" type="Script" id=15]
[ext_resource path="res://assets/ruins/machine2.png" type="Texture" id=16]
[ext_resource path="res://assets/ruins/clocktower_window.png" type="Texture" id=17]
[ext_resource path="res://assets/ruins/clocktower_clock.png" type="Texture" id=18]
[ext_resource path="res://assets/ruins/maschin.png" type="Texture" id=19]
[ext_resource path="res://assets/ruins/clocktower_ruin.png" type="Texture" id=20]
[ext_resource path="res://assets/ruins/clocktower_plateau_ruin.png" type="Texture" id=21]
[ext_resource path="res://assets/ruins/clockhand_small.png" type="Texture" id=22]
[ext_resource path="res://assets/ruins/clockhand_big.png" type="Texture" id=23]
[ext_resource path="res://ruins/clockhand_big.gd" type="Script" id=24]
[ext_resource path="res://ruins/clockhand_small.gd" type="Script" id=25]
[ext_resource path="res://trigger_area/trigger_area.tscn" type="PackedScene" id=26]
[ext_resource path="res://ruins/clocktower.gd" type="Script" id=27]

[sub_resource type="AtlasTexture" id=1]
flags = 4
atlas = ExtResource( 16 )
region = Rect2( 0, 0, 240, 120 )

[sub_resource type="AtlasTexture" id=2]
flags = 4
atlas = ExtResource( 16 )
region = Rect2( 0, 120, 240, 120 )

[sub_resource type="AtlasTexture" id=3]
flags = 4
atlas = ExtResource( 16 )
region = Rect2( 0, 240, 240, 120 )

[sub_resource type="AtlasTexture" id=4]
flags = 4
atlas = ExtResource( 16 )
region = Rect2( 0, 360, 240, 120 )

[sub_resource type="AtlasTexture" id=5]
flags = 4
atlas = ExtResource( 16 )
region = Rect2( 0, 480, 240, 120 )

[sub_resource type="AtlasTexture" id=6]
flags = 4
atlas = ExtResource( 16 )
region = Rect2( 0, 600, 240, 120 )

[sub_resource type="AtlasTexture" id=7]
flags = 4
atlas = ExtResource( 16 )
region = Rect2( 0, 720, 240, 120 )

[sub_resource type="AtlasTexture" id=8]
flags = 4
atlas = ExtResource( 16 )
region = Rect2( 0, 840, 240, 120 )

[sub_resource type="SpriteFrames" id=9]
animations = [ {
"frames": [ SubResource( 1 ), SubResource( 2 ), SubResource( 3 ), SubResource( 4 ), SubResource( 5 ), SubResource( 6 ), SubResource( 7 ), SubResource( 8 ) ],
"loop": true,
"name": "default",
"speed": 12.0
} ]

[node name="Clocktower" type="Node2D"]
light_mask = 32
script = ExtResource( 27 )

[node name="ClocktowerPlateau" type="StaticBody2D" parent="."]
position = Vector2( -0.369873, 1.12677 )

[node name="old" type="Sprite" parent="ClocktowerPlateau"]
position = Vector2( 52.6968, -134.311 )
scale = Vector2( 0.8, 1 )
texture = ExtResource( 21 )

[node name="new" type="Sprite" parent="ClocktowerPlateau"]
light_mask = 32
position = Vector2( 53.084, -135.899 )
scale = Vector2( 0.8, 1 )
texture = ExtResource( 1 )

[node name="CollisionPolygon2D" type="CollisionPolygon2D" parent="ClocktowerPlateau"]
position = Vector2( -2200.51, -661.491 )
polygon = PoolVector2Array( 1874.03, 652.605, 1768.2, 808.835, 1778.66, 1366.44, 1815.53, 1410.44, 2006.7, 1414.14, 2012.31, 1494.96, 2015.68, 1536.49, 2038.13, 1555.57, 2090.88, 1560.06, 2109.96, 1554.45, 2106.6, 1233.43, 1904.55, 1233.43, 1875.37, 1218.83, 1869.76, 1189.65, 1876.5, 705.868, 1891.09, 660.97, 2509.56, 655.357, 2537.62, 671.072, 2537.63, 1214.34, 2521.91, 1232.3, 2301.91, 1233.43, 2297.42, 1557.82, 2352.42, 1566.8, 2388.34, 1545.47, 2397.32, 1509.55, 2399.56, 1419.75, 2594.87, 1411.9, 2629.67, 1364.75, 2635.28, 793.42, 2555.58, 665.46, 2549.97, 636.276, 2523.03, 628.418, 2516.3, 620.561, 1901.19, 627.296 )

[node name="Clocktower" type="StaticBody2D" parent="."]
light_mask = 32
position = Vector2( 12.2799, 291.684 )

[node name="old" type="Sprite" parent="Clocktower"]
position = Vector2( 46.5115, -969.056 )
scale = Vector2( 0.8, 0.8 )
texture = ExtResource( 20 )

[node name="new" type="Sprite" parent="Clocktower"]
light_mask = 32
position = Vector2( 46.8677, -965.977 )
scale = Vector2( 0.8, 0.8 )
texture = ExtResource( 2 )

[node name="CollisionPolygon2D" type="CollisionPolygon2D" parent="Clocktower"]
position = Vector2( 2.52264, -1.92657 )
polygon = PoolVector2Array( -237.907, 99.0938, -244.257, -331.092, -242.669, -327.917, -244.257, -327.917, -242.669, -326.33, 227.495, -325.842, 223.257, 103.241, -125.202, 105.443, -126.79, 124.492, -199.81, 121.317, -199.81, 103.856 )

[node name="Gear" type="Sprite" parent="Clocktower"]
light_mask = 32
position = Vector2( 38.8501, -521.39 )
scale = Vector2( 0.8, 0.8 )
texture = ExtResource( 4 )
script = ExtResource( 5 )

[node name="Gear2" type="Sprite" parent="Clocktower"]
light_mask = 32
position = Vector2( -7.46997, -377.065 )
scale = Vector2( 0.8, 0.8 )
texture = ExtResource( 6 )
script = ExtResource( 15 )

[node name="Gear3" type="Sprite" parent="Clocktower"]
light_mask = 32
position = Vector2( -126.85, -303.12 )
scale = Vector2( 0.8, 0.8 )
texture = ExtResource( 7 )
script = ExtResource( 5 )

[node name="Gear4" type="Sprite" parent="Clocktower"]
light_mask = 32
position = Vector2( -176.74, -233.63 )
scale = Vector2( 0.8, 0.8 )
texture = ExtResource( 11 )
script = ExtResource( 15 )

[node name="Gear5" type="Sprite" parent="Clocktower"]
light_mask = 32
position = Vector2( 39.75, -189.976 )
scale = Vector2( 0.8, 0.8 )
texture = ExtResource( 14 )
script = ExtResource( 15 )

[node name="Gear6" type="Sprite" parent="Clocktower"]
light_mask = 32
position = Vector2( 135.96, -89.305 )
scale = Vector2( 0.8, 0.8 )
texture = ExtResource( 13 )
script = ExtResource( 5 )

[node name="Gear7" type="Sprite" parent="Clocktower"]
light_mask = 32
position = Vector2( 110.13, -18.033 )
scale = Vector2( 0.8, 0.8 )
texture = ExtResource( 9 )
script = ExtResource( 15 )

[node name="Gear8" type="Sprite" parent="Clocktower"]
light_mask = 32
position = Vector2( 38.8501, 32.749 )
scale = Vector2( 0.8, 0.8 )
texture = ExtResource( 8 )
script = ExtResource( 5 )

[node name="Gear9" type="Sprite" parent="Clocktower"]
light_mask = 32
position = Vector2( -54.6899, 7.80304 )
scale = Vector2( 0.8, 0.8 )
texture = ExtResource( 10 )
script = ExtResource( 15 )

[node name="Gear10" type="Sprite" parent="Clocktower"]
light_mask = 32
position = Vector2( -128.63, 29.1851 )
scale = Vector2( 0.8, 0.8 )
texture = ExtResource( 12 )
script = ExtResource( 5 )

[node name="Windows" type="Sprite" parent="Clocktower"]
light_mask = 32
position = Vector2( 44.1301, -963.711 )
scale = Vector2( 0.8, 0.8 )
texture = ExtResource( 17 )

[node name="Machine" type="AnimatedSprite" parent="Clocktower/Windows"]
light_mask = 32
position = Vector2( -212.371, 1061.86 )
frames = SubResource( 9 )
frame = 2
playing = true

[node name="Button" type="Sprite" parent="Clocktower"]
light_mask = 32
position = Vector2( -164.96, 60.531 )
scale = Vector2( 0.8, 0.8 )
texture = ExtResource( 19 )

[node name="Pendulum" parent="Clocktower" instance=ExtResource( 3 )]

[node name="Clock" type="Sprite" parent="Clocktower"]
light_mask = 32
position = Vector2( -2.27002, -717.034 )
scale = Vector2( 0.8, 0.8 )
texture = ExtResource( 18 )

[node name="ClockhandSmall" type="Sprite" parent="Clocktower"]
light_mask = 32
position = Vector2( -3.4126, -708.445 )
rotation = -1.57079
scale = Vector2( 0.8, 0.8 )
texture = ExtResource( 22 )
script = ExtResource( 25 )

[node name="ClockhandBig" type="Sprite" parent="Clocktower"]
light_mask = 32
position = Vector2( -3.72604, -709.456 )
scale = Vector2( 0.8, 0.8 )
texture = ExtResource( 23 )
script = ExtResource( 24 )

[node name="TriggerArea" parent="." instance=ExtResource( 26 )]
position = Vector2( 1.05994, 497.405 )
rotation = 1.5708
[connection signal="player_entered" from="TriggerArea" to="." method="repair"]
