[gd_scene load_steps=12 format=2]

[ext_resource path="res://assets/ruins/dodo_spleeping.png" type="Texture" id=1]
[ext_resource path="res://characters/communication/communication_area.tscn" type="PackedScene" id=2]
[ext_resource path="res://dialog/dialog.tscn" type="PackedScene" id=3]
[ext_resource path="res://ruins/dodo_sleeping.gd" type="Script" id=4]

[sub_resource type="AtlasTexture" id=1]
flags = 4
atlas = ExtResource( 1 )
region = Rect2( 0, 0, 200, 180 )

[sub_resource type="AtlasTexture" id=2]
flags = 4
atlas = ExtResource( 1 )
region = Rect2( 200, 0, 200, 180 )

[sub_resource type="AtlasTexture" id=3]
flags = 4
atlas = ExtResource( 1 )
region = Rect2( 400, 0, 200, 180 )

[sub_resource type="AtlasTexture" id=4]
flags = 4
atlas = ExtResource( 1 )
region = Rect2( 600, 0, 200, 180 )

[sub_resource type="AtlasTexture" id=5]
flags = 4
atlas = ExtResource( 1 )
region = Rect2( 800, 0, 200, 180 )

[sub_resource type="SpriteFrames" id=6]
animations = [ {
"frames": [ SubResource( 1 ), SubResource( 2 ), SubResource( 3 ), SubResource( 4 ), SubResource( 5 ) ],
"loop": true,
"name": "default",
"speed": 3.0
} ]

[sub_resource type="RectangleShape2D" id=7]
extents = Vector2( 54.5322, 21.5228 )

[node name="DodoSleeping" type="StaticBody2D"]
position = Vector2( 0.231674, 4.47551 )
scale = Vector2( 0.6, 0.6 )
script = ExtResource( 4 )
__meta__ = {
"_edit_group_": true
}

[node name="AnimatedSprite" type="AnimatedSprite" parent="."]
light_mask = 32
position = Vector2( 6.61426, -52.252 )
frames = SubResource( 6 )
frame = 3
playing = true

[node name="CollisionShape2D" type="CollisionShape2D" parent="."]
position = Vector2( -9.42773, -3.53558 )
shape = SubResource( 7 )

[node name="CommunicationArea" parent="." instance=ExtResource( 2 )]

[node name="Dialog" parent="." instance=ExtResource( 3 )]
dialog_text = "zzzz...ZZZZ 
zzzz...ZZZZ"
first_button_text = "This Dodo is sleeping. Leave it alone. Pssscht."

[node name="QuestDialog" parent="." instance=ExtResource( 3 )]
dialog_text = "zzzz....ZZZZ
zzzz....ZZZZ"
first_button_text = "What luck, this Dodo is sleeping. Catch it!"
second_button_text = "Leave it alone."
[connection signal="talk" from="CommunicationArea" to="." method="wasFound"]
[connection signal="first_button_pressed" from="QuestDialog" to="." method="sentToDodoEnclosure"]
