[gd_scene load_steps=7 format=2]

[ext_resource path="res://assets/ruins/debris8.png" type="Texture" id=1]
[ext_resource path="res://assets/ruins/debris4.png" type="Texture" id=2]
[ext_resource path="res://assets/ruins/debris7.png" type="Texture" id=3]
[ext_resource path="res://assets/ruins/debris3.png" type="Texture" id=4]
[ext_resource path="res://assets/ruins/testFarbe.png" type="Texture" id=5]
[ext_resource path="res://assets/ruins/groundLines1.png" type="Texture" id=6]

[node name="GroundDekoOld" type="Node2D"]
position = Vector2( -5.33936, 5.33936 )
scale = Vector2( 0.5, 0.5 )

[node name="Sprite32" type="Sprite" parent="."]
position = Vector2( 3809.49, 1848.13 )
scale = Vector2( 4.95012, 3.74229 )
texture = ExtResource( 5 )

[node name="Sprite82" type="Sprite" parent="."]
position = Vector2( -2088.97, 4426.33 )
scale = Vector2( 4.95012, 3.74229 )
texture = ExtResource( 5 )

[node name="Sprite33" type="Sprite" parent="."]
position = Vector2( 6503.72, 3328.89 )
scale = Vector2( 6.61087, 6.22026 )
texture = ExtResource( 5 )

[node name="Sprite34" type="Sprite" parent="."]
position = Vector2( 5074.96, 4644.15 )
scale = Vector2( 8.67973, 6.62945 )
texture = ExtResource( 5 )

[node name="Sprite37" type="Sprite" parent="."]
position = Vector2( 11770, 6034.85 )
scale = Vector2( 13.1643, 7.53059 )
texture = ExtResource( 5 )

[node name="Sprite38" type="Sprite" parent="."]
position = Vector2( 4375.92, 7145.31 )
scale = Vector2( 13.1643, 7.53059 )
texture = ExtResource( 5 )

[node name="Sprite35" type="Sprite" parent="."]
position = Vector2( 9455.04, 2157.63 )
scale = Vector2( 8.93052, 8.91954 )
texture = ExtResource( 5 )

[node name="Sprite36" type="Sprite" parent="."]
position = Vector2( 9484.56, 3909.97 )
scale = Vector2( 6.41072, 5.22042 )
texture = ExtResource( 5 )

[node name="Sprite39" type="Sprite" parent="."]
position = Vector2( 3332.32, 1592.09 )
scale = Vector2( 2.71801, 1.60746 )
texture = ExtResource( 6 )

[node name="Sprite40" type="Sprite" parent="."]
position = Vector2( 5034.39, 2218.39 )
scale = Vector2( 2.71801, 1.60746 )
texture = ExtResource( 6 )

[node name="Sprite41" type="Sprite" parent="."]
position = Vector2( 6385.87, 2089.53 )
scale = Vector2( 2.71801, 1.60746 )
texture = ExtResource( 6 )

[node name="Sprite42" type="Sprite" parent="."]
position = Vector2( 7824.24, 3021.48 )
scale = Vector2( 2.71801, 1.60746 )
texture = ExtResource( 6 )

[node name="Sprite43" type="Sprite" parent="."]
position = Vector2( 7470.64, 3114.37 )
scale = Vector2( 2.71801, 1.60746 )
texture = ExtResource( 6 )

[node name="Sprite44" type="Sprite" parent="."]
position = Vector2( 6143.14, 3581.85 )
scale = Vector2( 2.71801, 1.60746 )
texture = ExtResource( 6 )

[node name="Sprite45" type="Sprite" parent="."]
position = Vector2( 7257.88, 3980.4 )
scale = Vector2( 2.71801, 1.60746 )
texture = ExtResource( 6 )

[node name="Sprite46" type="Sprite" parent="."]
position = Vector2( 7665.42, 4046.32 )
scale = Vector2( 2.71801, 1.60746 )
texture = ExtResource( 6 )

[node name="Sprite47" type="Sprite" parent="."]
position = Vector2( 9043.87, 3902.48 )
scale = Vector2( 2.71801, 1.60746 )
texture = ExtResource( 6 )

[node name="Sprite49" type="Sprite" parent="."]
position = Vector2( 9436.42, 3156.33 )
scale = Vector2( 2.71801, 1.60746 )
texture = ExtResource( 6 )

[node name="Sprite50" type="Sprite" parent="."]
position = Vector2( 10065.7, 2871.65 )
scale = Vector2( 2.71801, 1.60746 )
texture = ExtResource( 6 )

[node name="Sprite51" type="Sprite" parent="."]
position = Vector2( 8971.94, 2745.79 )
scale = Vector2( 2.71801, 1.60746 )
texture = ExtResource( 6 )

[node name="Sprite52" type="Sprite" parent="."]
position = Vector2( 11862.6, 5661.89 )
scale = Vector2( 2.71801, 1.60746 )
texture = ExtResource( 6 )

[node name="Sprite53" type="Sprite" parent="."]
position = Vector2( 11328, 5604.88 )
scale = Vector2( 2.71801, 1.60746 )
texture = ExtResource( 6 )

[node name="Sprite54" type="Sprite" parent="."]
position = Vector2( 10640.2, 5957.67 )
scale = Vector2( 2.71801, 1.60746 )
texture = ExtResource( 6 )

[node name="Sprite55" type="Sprite" parent="."]
position = Vector2( 10112.8, 6025.38 )
scale = Vector2( 2.71801, 1.60746 )
texture = ExtResource( 6 )

[node name="Sprite56" type="Sprite" parent="."]
position = Vector2( 8107.12, 5942.76 )
scale = Vector2( 2.71801, 1.60746 )
texture = ExtResource( 6 )

[node name="Sprite57" type="Sprite" parent="."]
position = Vector2( 7402.84, 6092.66 )
scale = Vector2( 2.71801, 1.60746 )
texture = ExtResource( 6 )

[node name="Sprite58" type="Sprite" parent="."]
position = Vector2( 5114.15, 7259.6 )
scale = Vector2( 2.71801, 1.60746 )
texture = ExtResource( 6 )

[node name="Sprite59" type="Sprite" parent="."]
position = Vector2( 6450.67, 7399.29 )
scale = Vector2( 2.71801, 1.60746 )
texture = ExtResource( 6 )

[node name="Sprite67" type="Sprite" parent="."]
position = Vector2( 9814.21, 7242.96 )
scale = Vector2( 2.71801, 1.60746 )
texture = ExtResource( 6 )

[node name="Sprite68" type="Sprite" parent="."]
position = Vector2( 9538.67, 7297.43 )
scale = Vector2( 2.71801, 1.60746 )
texture = ExtResource( 6 )

[node name="Sprite69" type="Sprite" parent="."]
position = Vector2( 6973.99, 7897.65 )
scale = Vector2( 2.71801, 1.60746 )
texture = ExtResource( 6 )

[node name="Sprite70" type="Sprite" parent="."]
position = Vector2( 3274.5, 7187.53 )
scale = Vector2( 2.71801, 1.60746 )
texture = ExtResource( 6 )

[node name="Sprite71" type="Sprite" parent="."]
position = Vector2( 3920.74, 7553.2 )
scale = Vector2( 2.71801, 1.60746 )
texture = ExtResource( 6 )

[node name="Sprite72" type="Sprite" parent="."]
position = Vector2( 1902.17, 7366.56 )
scale = Vector2( 2.71801, 1.60746 )
texture = ExtResource( 6 )

[node name="Sprite75" type="Sprite" parent="."]
position = Vector2( 1923.53, 3911.99 )
scale = Vector2( 2.71801, 1.60746 )
texture = ExtResource( 6 )

[node name="Sprite76" type="Sprite" parent="."]
position = Vector2( 3322.44, 4365.84 )
scale = Vector2( 2.71801, 1.60746 )
texture = ExtResource( 6 )

[node name="Sprite77" type="Sprite" parent="."]
position = Vector2( 2905.97, 4467.29 )
scale = Vector2( 2.71801, 1.60746 )
texture = ExtResource( 6 )

[node name="Sprite78" type="Sprite" parent="."]
position = Vector2( 631.401, 4798.33 )
scale = Vector2( 2.71801, 1.60746 )
texture = ExtResource( 6 )

[node name="Sprite79" type="Sprite" parent="."]
position = Vector2( -879.637, 4077.51 )
scale = Vector2( 2.71801, 1.60746 )
texture = ExtResource( 6 )

[node name="Sprite81" type="Sprite" parent="."]
position = Vector2( -970.406, 2459.69 )
scale = Vector2( 2.71801, 1.60746 )
texture = ExtResource( 6 )

[node name="Sprite80" type="Sprite" parent="."]
position = Vector2( -1248.05, 3954.71 )
scale = Vector2( 2.71801, 1.60746 )
texture = ExtResource( 6 )

[node name="Sprite73" type="Sprite" parent="."]
position = Vector2( 4215.68, 7610.07 )
scale = Vector2( 2.71801, 1.60746 )
texture = ExtResource( 6 )

[node name="Sprite74" type="Sprite" parent="."]
position = Vector2( 6688.91, 7666.17 )
scale = Vector2( 2.71801, 1.60746 )
texture = ExtResource( 6 )

[node name="Sprite48" type="Sprite" parent="."]
position = Vector2( 9496.35, 3845.55 )
scale = Vector2( 3.67058, 1.94042 )
texture = ExtResource( 6 )

[node name="Sprite" type="Sprite" parent="."]
position = Vector2( 1006.5, 1837.55 )
texture = ExtResource( 1 )

[node name="Sprite2" type="Sprite" parent="."]
position = Vector2( 4654.99, 2355.66 )
texture = ExtResource( 1 )

[node name="Sprite19" type="Sprite" parent="."]
position = Vector2( 9146.93, 3179.46 )
texture = ExtResource( 1 )

[node name="Sprite26" type="Sprite" parent="."]
position = Vector2( 9611.1, 2230.93 )
texture = ExtResource( 1 )

[node name="Sprite27" type="Sprite" parent="."]
position = Vector2( 9611.1, 2230.93 )
texture = ExtResource( 1 )

[node name="Sprite20" type="Sprite" parent="."]
position = Vector2( 6763.27, 1925.52 )
texture = ExtResource( 1 )

[node name="Sprite18" type="Sprite" parent="."]
position = Vector2( 5742.99, 4283.66 )
texture = ExtResource( 1 )

[node name="Sprite3" type="Sprite" parent="."]
position = Vector2( 4072.28, 3114.37 )
texture = ExtResource( 1 )

[node name="Sprite4" type="Sprite" parent="."]
position = Vector2( 83.1888, 4736.19 )
texture = ExtResource( 2 )

[node name="Sprite5" type="Sprite" parent="."]
position = Vector2( 1917.44, 2871.78 )
texture = ExtResource( 2 )

[node name="Sprite6" type="Sprite" parent="."]
position = Vector2( 4338.66, 2001.28 )
texture = ExtResource( 2 )

[node name="Sprite21" type="Sprite" parent="."]
position = Vector2( 5389.98, 1851.05 )
texture = ExtResource( 2 )

[node name="Sprite24" type="Sprite" parent="."]
position = Vector2( 9419.55, 2106.68 )
texture = ExtResource( 2 )

[node name="Sprite25" type="Sprite" parent="."]
position = Vector2( 8968.83, 4198.83 )
texture = ExtResource( 2 )

[node name="Sprite22" type="Sprite" parent="."]
position = Vector2( 2090.66, 1905.28 )
texture = ExtResource( 2 )

[node name="Sprite7" type="Sprite" parent="."]
position = Vector2( 5868.25, 3706.67 )
texture = ExtResource( 2 )

[node name="Sprite8" type="Sprite" parent="."]
position = Vector2( 7050.67, 3071.28 )
texture = ExtResource( 2 )

[node name="Sprite17" type="Sprite" parent="."]
position = Vector2( 5408.59, 4209.36 )
texture = ExtResource( 2 )

[node name="Sprite62" type="Sprite" parent="."]
position = Vector2( 7212.8, 7858.09 )
texture = ExtResource( 2 )

[node name="Sprite63" type="Sprite" parent="."]
position = Vector2( 9359.7, 7092.06 )
texture = ExtResource( 2 )

[node name="Sprite66" type="Sprite" parent="."]
position = Vector2( 11113.5, 6759.44 )
texture = ExtResource( 2 )

[node name="Sprite9" type="Sprite" parent="."]
position = Vector2( 1334.72, 3635.63 )
texture = ExtResource( 3 )

[node name="Sprite10" type="Sprite" parent="."]
position = Vector2( 5823.66, 2290.58 )
texture = ExtResource( 3 )

[node name="Sprite23" type="Sprite" parent="."]
position = Vector2( 5937.61, 1584.19 )
texture = ExtResource( 3 )

[node name="Sprite11" type="Sprite" parent="."]
position = Vector2( 6771.78, 2550.69 )
texture = ExtResource( 3 )

[node name="Sprite12" type="Sprite" parent="."]
position = Vector2( 8099.51, 3807.75 )
texture = ExtResource( 3 )

[node name="Sprite13" type="Sprite" parent="."]
position = Vector2( 8603.16, 2712.42 )
texture = ExtResource( 3 )

[node name="Sprite14" type="Sprite" parent="."]
position = Vector2( 6800.54, 4731.26 )
texture = ExtResource( 3 )

[node name="Sprite15" type="Sprite" parent="."]
position = Vector2( 5540.12, 4115.26 )
texture = ExtResource( 3 )

[node name="Sprite60" type="Sprite" parent="."]
position = Vector2( 6938.63, 7654.34 )
texture = ExtResource( 3 )

[node name="Sprite64" type="Sprite" parent="."]
position = Vector2( 12008.6, 6122.27 )
texture = ExtResource( 3 )

[node name="Sprite65" type="Sprite" parent="."]
position = Vector2( 11242.5, 6938.7 )
texture = ExtResource( 3 )

[node name="Sprite61" type="Sprite" parent="."]
position = Vector2( 3540.54, 7151.2 )
texture = ExtResource( 3 )

[node name="Sprite16" type="Sprite" parent="."]
position = Vector2( 8632.54, 3875.26 )
texture = ExtResource( 3 )

[node name="Sprite28" type="Sprite" parent="."]
position = Vector2( 10279.1, 2865.78 )
texture = ExtResource( 4 )

[node name="Sprite29" type="Sprite" parent="."]
position = Vector2( 6175.54, 1527.07 )
texture = ExtResource( 4 )

[node name="Sprite30" type="Sprite" parent="."]
position = Vector2( 8947.14, 1547.25 )
texture = ExtResource( 4 )

[node name="Sprite31" type="Sprite" parent="."]
position = Vector2( 2973.41, 1553.98 )
texture = ExtResource( 4 )
