[gd_scene load_steps=53 format=2]

[ext_resource path="res://assets/ruins/debris4.png" type="Texture" id=1]
[ext_resource path="res://ruins/houses.tscn" type="PackedScene" id=2]
[ext_resource path="res://ruins/plazza.tscn" type="PackedScene" id=3]
[ext_resource path="res://ruins/porticus.tscn" type="PackedScene" id=4]
[ext_resource path="res://assets/ruins/pavilion_ruin.png" type="Texture" id=5]
[ext_resource path="res://assets/ruins/fontain_ruin.png" type="Texture" id=6]
[ext_resource path="res://ruins/clocktowerNew.tscn" type="PackedScene" id=7]
[ext_resource path="res://assets/ruins/fontain_berries.png" type="Texture" id=8]
[ext_resource path="res://assets/ruins/fontain.png" type="Texture" id=9]
[ext_resource path="res://assets/ruins/pavilion.png" type="Texture" id=10]
[ext_resource path="res://assets/ruins/fontain_water.png" type="Texture" id=11]
[ext_resource path="res://assets/ruins/fontain_green_leaves.png" type="Texture" id=12]
[ext_resource path="res://assets/ruins/fontain_purple_flowers.png" type="Texture" id=13]
[ext_resource path="res://ruins/ground.tscn" type="PackedScene" id=14]
[ext_resource path="res://ruins/hourglass.tscn" type="PackedScene" id=15]
[ext_resource path="res://ruins/people/fountainist.tscn" type="PackedScene" id=16]
[ext_resource path="res://assets/ruins/debris3.png" type="Texture" id=17]
[ext_resource path="res://ruins/wall.tscn" type="PackedScene" id=18]
[ext_resource path="res://ruins/dodo_enclosure.tscn" type="PackedScene" id=19]
[ext_resource path="res://ruins/dodo.tscn" type="PackedScene" id=20]
[ext_resource path="res://ruins/people/dodoist.tscn" type="PackedScene" id=21]
[ext_resource path="res://assets/ruins/dragon_ruins.png" type="Texture" id=22]
[ext_resource path="res://assets/ruins/dragon.png" type="Texture" id=23]
[ext_resource path="res://assets/ruins/wall_edge.png" type="Texture" id=24]
[ext_resource path="res://assets/ruins/test_bg_up.png" type="Texture" id=25]
[ext_resource path="res://assets/ruins/test_bg_down.png" type="Texture" id=26]
[ext_resource path="res://assets/ruins/debris6.png" type="Texture" id=27]
[ext_resource path="res://ruins/ground_deko_old.tscn" type="PackedScene" id=28]
[ext_resource path="res://assets/ruins/wall_edge_ruin.png" type="Texture" id=29]
[ext_resource path="res://assets/ruins/stone.png" type="Texture" id=30]
[ext_resource path="res://ruins/people/dragonist.tscn" type="PackedScene" id=31]
[ext_resource path="res://ruins/people/brokenist.tscn" type="PackedScene" id=32]
[ext_resource path="res://ruins/people/first_pavilionist.tscn" type="PackedScene" id=33]
[ext_resource path="res://ruins/people/second_pavilionist.tscn" type="PackedScene" id=34]
[ext_resource path="res://ruins/people/homist.tscn" type="PackedScene" id=35]
[ext_resource path="res://ruins/people/hourglassist.tscn" type="PackedScene" id=36]
[ext_resource path="res://assets/ruins/border_ruins_volcono_woods.png" type="Texture" id=37]
[ext_resource path="res://ruins/bridge.tscn" type="PackedScene" id=38]
[ext_resource path="res://assets/ruins/bridge_foreground.png" type="Texture" id=39]
[ext_resource path="res://ruins/ruins.gd" type="Script" id=40]
[ext_resource path="res://ruins/ancient_dancer.tscn" type="PackedScene" id=41]
[ext_resource path="res://ruins/fountain_small.tscn" type="PackedScene" id=42]
[ext_resource path="res://ruins/dodo_sleeping.tscn" type="PackedScene" id=43]
[ext_resource path="res://ruins/dodo_cards.tscn" type="PackedScene" id=44]
[ext_resource path="res://assets/ruins/church.png" type="Texture" id=45]
[ext_resource path="res://assets/ruins/church_ruin.png" type="Texture" id=46]
[ext_resource path="res://ruins/soldier.tscn" type="PackedScene" id=47]

[sub_resource type="AtlasTexture" id=1]
flags = 4
atlas = ExtResource( 11 )
region = Rect2( 0, 0, 780, 720 )

[sub_resource type="AtlasTexture" id=2]
flags = 4
atlas = ExtResource( 11 )
region = Rect2( 780, 0, 780, 720 )

[sub_resource type="AtlasTexture" id=3]
flags = 4
atlas = ExtResource( 11 )
region = Rect2( 1560, 0, 780, 720 )

[sub_resource type="AtlasTexture" id=4]
flags = 4
atlas = ExtResource( 11 )
region = Rect2( 2340, 0, 780, 720 )

[sub_resource type="SpriteFrames" id=5]
animations = [ {
"frames": [ SubResource( 1 ), SubResource( 2 ), SubResource( 3 ), SubResource( 4 ) ],
"loop": true,
"name": "default",
"speed": 5.0
} ]

[node name="Ruins" type="YSort"]
script = ExtResource( 40 )

[node name="GroundDekoOld" parent="." instance=ExtResource( 28 )]
position = Vector2( -99.0199, -1224.25 )

[node name="Ground_old" type="ColorRect" parent="."]
margin_left = -2834.0
margin_top = -2807.0
margin_right = 7985.0
margin_bottom = 3404.0
color = Color( 0.803922, 0.768627, 0.729412, 1 )
__meta__ = {
"_edit_use_anchors_": false
}

[node name="Sprite" type="Sprite" parent="Ground_old"]
position = Vector2( 5651.03, 4479.72 )
scale = Vector2( 0.505373, 0.472842 )
texture = ExtResource( 17 )

[node name="Sprite2" type="Sprite" parent="Ground_old"]
position = Vector2( 5734.37, 4541.63 )
scale = Vector2( 0.505373, 0.472842 )
texture = ExtResource( 17 )

[node name="Sprite3" type="Sprite" parent="Ground_old"]
position = Vector2( 5262.43, 3599.64 )
scale = Vector2( 0.505373, 0.472842 )
texture = ExtResource( 17 )

[node name="Ground_new" type="ColorRect" parent="."]
light_mask = 32
margin_left = -2818.0
margin_top = -835.0
margin_right = 8010.0
margin_bottom = 3405.0
color = Color( 0.909804, 0.819608, 0.690196, 1 )
__meta__ = {
"_edit_use_anchors_": false
}

[node name="GroundDekoNew" parent="." instance=ExtResource( 14 )]
light_mask = 32
position = Vector2( 235.529, -625.107 )

[node name="Plazza" parent="." instance=ExtResource( 3 )]
position = Vector2( -97.5146, -616.009 )

[node name="Houses7" parent="." instance=ExtResource( 2 )]
position = Vector2( 2134.64, -64.6863 )

[node name="Houses6" parent="." instance=ExtResource( 2 )]
position = Vector2( 4821.66, 111.849 )

[node name="Houses5" parent="." instance=ExtResource( 2 )]
position = Vector2( 3945.93, -62.0551 )

[node name="Houses" parent="." instance=ExtResource( 2 )]
position = Vector2( 3070.44, 659.974 )

[node name="Houses2" parent="." instance=ExtResource( 2 )]
position = Vector2( 3955.19, 698.348 )

[node name="Houses3" parent="." instance=ExtResource( 2 )]
position = Vector2( 3075.28, 1397.58 )

[node name="Houses8" parent="." instance=ExtResource( 2 )]
position = Vector2( -75.0316, 1053.76 )

[node name="Clocktower" parent="." instance=ExtResource( 7 )]
position = Vector2( 2104.35, 282.843 )

[node name="Porticus" parent="." instance=ExtResource( 4 )]
position = Vector2( 1006.62, 1472.89 )

[node name="Pavilion" type="StaticBody2D" parent="."]
position = Vector2( 4488.01, 1082.92 )
scale = Vector2( 0.7, 0.7 )
__meta__ = {
"_edit_group_": true
}

[node name="Sprite" type="Sprite" parent="Pavilion"]
position = Vector2( 9.61133, -195.708 )
texture = ExtResource( 5 )

[node name="CollisionPolygon2D" type="CollisionPolygon2D" parent="Pavilion"]
position = Vector2( 11.5166, -191.895 )
polygon = PoolVector2Array( -118.14, 630.646, -198.321, 630.646, -203.412, 509.738, -435.045, 455.012, -561.044, 383.74, -614.498, 335.377, -611.955, 175.016, -564.865, 117.744, -422.321, 38.8359, -258.141, -5.70996, 48.5825, -13.3462, 338.761, 12.1094, 449.487, 55.3813, 510.578, 83.3789, 607.303, 172.47, 611.122, 337.922, 516.94, 415.558, 397.303, 467.738, 267.487, 502.102, 203.851, 511.011, 200.033, 628.1, 126.216, 631.918, 114.761, 623.009, 119.852, 330.286, 172.29, 320.971, 170.384, 177.952, -172.861, 181.766, -176.675, 319.064, -120.69, 329.012, -120.69, 476.647 )

[node name="newPavilion" type="Sprite" parent="Pavilion"]
light_mask = 32
position = Vector2( 9.61035, -195.709 )
texture = ExtResource( 10 )

[node name="Fountain" type="StaticBody2D" parent="."]
position = Vector2( 3823.87, 1176.27 )
scale = Vector2( 0.5, 0.5 )
__meta__ = {
"_edit_group_": true
}

[node name="old" type="Sprite" parent="Fountain"]
position = Vector2( 2.20308, 1.51404 )
texture = ExtResource( 6 )

[node name="CollisionPolygon2D" type="CollisionPolygon2D" parent="Fountain"]
position = Vector2( 414.684, -137.918 )
polygon = PoolVector2Array( -144.11, 390.877, -379.046, 446.437, -572.709, 425.8, -712.4, 379.766, -740.974, 290.871, -687.002, 203.564, -540.961, 155.942, -310.788, 148.005, -190.146, 186.103, -113.95, 297.221 )

[node name="new" type="Sprite" parent="Fountain"]
light_mask = 32
texture = ExtResource( 9 )

[node name="green" type="Sprite" parent="Fountain"]
light_mask = 512
texture = ExtResource( 12 )

[node name="red" type="Sprite" parent="Fountain"]
light_mask = 128
texture = ExtResource( 8 )

[node name="blue" type="AnimatedSprite" parent="Fountain"]
light_mask = 256
frames = SubResource( 5 )
frame = 3
playing = true

[node name="purple" type="Sprite" parent="Fountain"]
light_mask = 64
texture = ExtResource( 13 )

[node name="Hourglass" parent="." instance=ExtResource( 15 )]

[node name="CityWall" parent="." instance=ExtResource( 18 )]
position = Vector2( 2133.47, 2110.57 )
scale = Vector2( 0.8, 0.8 )

[node name="Dodo" parent="." instance=ExtResource( 20 )]
position = Vector2( 1414.3, 233.472 )

[node name="Dodoist" parent="." instance=ExtResource( 21 )]
position = Vector2( 2989.91, -353.37 )

[node name="WallEdge" type="StaticBody2D" parent="."]
position = Vector2( 5511.58, 1230.81 )
scale = Vector2( 1.7, 1.6 )

[node name="Sprite3" type="Sprite" parent="WallEdge"]
position = Vector2( -204.417, 109.196 )
texture = ExtResource( 30 )

[node name="Sprite2" type="Sprite" parent="WallEdge"]
position = Vector2( -346.046, 200.618 )
rotation = -0.261799
texture = ExtResource( 30 )

[node name="old" type="Sprite" parent="WallEdge"]
position = Vector2( -246.162, 329.534 )
texture = ExtResource( 29 )

[node name="new" type="Sprite" parent="WallEdge"]
light_mask = 32
position = Vector2( -255.74, 305.133 )
texture = ExtResource( 24 )

[node name="CollisionPolygon2D" type="CollisionPolygon2D" parent="WallEdge"]
position = Vector2( -255.299, 304.665 )
polygon = PoolVector2Array( -253.495, 292.464, -254.089, 80.488, -254.101, 37.2156, -255.78, -88.3712, -224.859, -87.0383, -198.037, -100.76, -165.834, -123.177, -166.389, -137.925, -118.085, -168.011, -70.3359, -205.176, 54.0332, -286.585, 94.0093, -303.103, 254.027, -260.648, 254.411, -107.047, 242.307, -99.7053, 249.648, -69.9417, 218.696, -39.7812, 183.773, -51.0916, 117.896, 5.85669, 128.611, 47.7244, 91.5059, 80.0676, 49.2412, 64.7891, -37.6689, 136.221, -21.9937, 181.065, -25.9619, 188.208, -62.2739, 218.17, -115.054, 201.502, -214.861, 284.443, -238.275, 293.174 )

[node name="Dragon" type="StaticBody2D" parent="."]
position = Vector2( -1602.93, 806.765 )
scale = Vector2( 4, 4 )
__meta__ = {
"_edit_group_": true
}

[node name="old" type="Sprite" parent="Dragon"]
position = Vector2( 0.334717, -0.223846 )
texture = ExtResource( 22 )

[node name="CollisionPolygon2D" type="CollisionPolygon2D" parent="Dragon"]
polygon = PoolVector2Array( -73.8903, 228.724, -36.4726, 231.397, 14.3087, 218.924, 35.6902, 207.342, 41.9265, 169.034, -24.3113, 138.155, -46.2316, 68.1517, 1.14453, 27.8466, 39.3283, -25.1864, 100.139, -25.1864, 136.909, 3.80495, 18.8222, 90.7791, 83.7987, 126.271, 107.853, 142.307, 120.326, 156.561, 155.071, 103.107, 205.852, 64.7987, 247.724, 16.6902, 269.106, -34.9819, 262.869, -93.7812, 234.361, -134.763, 128.344, -195.344, 36.5811, -224.743, -66.7631, -197.126, -120.217, -167.726, -190.598, -106.254, -217.325, -48.3455, -227.125, 13.1265, -224.452, 70.144, -207.525, 118.253, -182.58, 151.216, -127.344, 204.67, -87.2537, 225.16 )

[node name="new" type="Sprite" parent="Dragon"]
light_mask = 32
texture = ExtResource( 23 )

[node name="MountainDown" type="StaticBody2D" parent="."]
position = Vector2( 2012.39, 2268.86 )
scale = Vector2( 4.5, 4.5 )

[node name="berg" type="Sprite" parent="MountainDown"]
texture = ExtResource( 26 )

[node name="CollisionPolygon2D" type="CollisionPolygon2D" parent="MountainDown"]
polygon = PoolVector2Array( -820.614, -124.795, -764.963, -119.929, -683.123, -137.567, -643.615, -165.082, -614.689, -207.413, -561.775, -234.928, -508.156, -220.112, -478.525, -189.069, -452.421, -171.432, -419.262, -160.849, -407.974, -141.8, -408.679, -112.874, -398.802, -92.4144, -391.041, -22.5688, -417.145, 7.76825, -375.52, 54.332, -352.944, 88.1965, -329.662, 71.2643, -295.797, 64.2091, -280.276, 79.0249, -238.651, 97.3682, -194.204, 134.76, -175.155, 119.945, -154.695, 115.006, -119.419, 98.7792, -92.61, 105.129, -44.6353, 121.356, -11.4762, 105.834, 39.3206, 71.2643, 83.0624, 68.4422, 119.043, 79.0249, 195.944, 113.595, 214.993, 107.245, 246.036, 104.423, 270.728, 95.2516, 337.046, 110.773, 365.267, 121.356, 420.297, 104.423, 455.572, 85.3744, 499.314, 69.8532, 524.712, 75.4973, 561.399, 91.7241, 606.552, 77.6139, 673.576, 78.3194, 712.379, 74.0863, 780.813, 23.995, 811.15, -9.86957, 880.996, -28.9185, 907.805, -28.213, 967.068, -79.7152, 991.761, -86.0648, 1024.92, -69.1325, 1084.18, -33.8569, 1094.06, -28.9184, 1094.06, 252.581, -1095.14, 253.286, -1095.14, -131.217, -905.467, -119.767 )

[node name="MountainUp" type="StaticBody2D" parent="."]
position = Vector2( 1704.94, -603.047 )
scale = Vector2( 4.5, 4.5 )

[node name="Sprite" type="Sprite" parent="MountainUp"]
position = Vector2( 99.2221, 185.666 )
texture = ExtResource( 25 )

[node name="CollisionPolygon2D" type="CollisionPolygon2D" parent="MountainUp"]
polygon = PoolVector2Array( -638.994, 144.145, -609.396, 103.447, -609.396, 64.3357, -622.609, 23.6385, -601.468, 6.72531, -591.954, -11.2449, -503.689, -9.65942, -491.532, 20.4671, -488.361, 121.418, -464.577, 161.058, -423.879, 170.043, -400.095, 155.244, -373.14, 153.13, -350.942, 137.274, -341.428, 89.7054, -301.259, 46.894, -291.745, 30.5093, -234.135, 2.49693, -206.123, 12.0106, -180.753, 7.7823, -144.812, 14.1247, -111.515, 7.25376, -86.6733, 15.1818, -68.7031, 13.5962, -40.1621, 26.8096, 23.7908, 24.1669, 210.364, 25.2239, 368.925, 24.1669, 408.565, 16.2388, 542.285, 23.1097, 615.752, 18.8814, 728.33, 24.1668, 765.328, 29.9808, 786.998, 47.4225, 810.253, 53.2364, 821.881, 65.9213, 830.338, 71.7352, 843.022, 97.1049, 837.208, 110.847, 835.094, 157.358, 840.908, 166.343, 840.908, 188.542, 846.193, 194.356, 835.623, 230.825, 836.68, 245.095, 834.037, 256.194, 828.223, 273.636, 819.238, 297.42, 814.481, 332.832, 813.424, 342.346, 794.397, 370.887, 786.997, 404.713, 778.012, 462.852, 803.382, 476.594, 881.605, 473.423, 921.774, 473.951, 939.216, 462.852, 980.97, 466.023, 1010.04, 455.453, 1045.45, 464.966, 1088.79, 466.023, 1085.62, -129.109, -890.577, -127.523, -890.577, 145.73 )

[node name="Sprite3" type="Sprite" parent="MountainUp"]
position = Vector2( -632.13, 57.8811 )
scale = Vector2( 0.35, 0.35 )
texture = ExtResource( 17 )

[node name="Sprite2" type="Sprite" parent="MountainUp"]
position = Vector2( -643.681, 89.0482 )
scale = Vector2( 0.4, 0.4 )
texture = ExtResource( 1 )

[node name="Sprite5" type="Sprite" parent="MountainUp"]
position = Vector2( -392.257, 157.924 )
scale = Vector2( 0.4, 0.4 )
texture = ExtResource( 1 )

[node name="Sprite6" type="Sprite" parent="MountainUp"]
position = Vector2( 952.911, 463.109 )
scale = Vector2( 0.2, 0.2 )
texture = ExtResource( 1 )

[node name="Sprite4" type="Sprite" parent="MountainUp"]
position = Vector2( -670.332, 121.084 )
scale = Vector2( 0.4, 0.4 )
texture = ExtResource( 27 )

[node name="Dragonist" parent="." instance=ExtResource( 31 )]
position = Vector2( 274.393, 1163.37 )

[node name="Brokenist" parent="." instance=ExtResource( 32 )]
position = Vector2( 1948.94, 799.094 )

[node name="Fountainist" parent="." instance=ExtResource( 16 )]
position = Vector2( 3573.53, 949.75 )

[node name="FirstPavilionist" parent="." instance=ExtResource( 33 )]
position = Vector2( 4699.52, 1419.92 )

[node name="SecondPavilionist" parent="." instance=ExtResource( 34 )]
position = Vector2( 4796.05, 1437.88 )

[node name="Homist" parent="." instance=ExtResource( 35 )]
position = Vector2( 4364.02, -4.60242 )

[node name="Hourglassist" parent="." instance=ExtResource( 36 )]
position = Vector2( 764.036, -75.4482 )

[node name="Border" type="StaticBody2D" parent="."]
position = Vector2( 7619.66, 364.455 )

[node name="BorderSprite" type="Sprite" parent="Border"]
position = Vector2( 299.153, 1406.02 )
scale = Vector2( 2, 2 )
texture = ExtResource( 37 )

[node name="CollisionPolygon2DUp" type="CollisionPolygon2D" parent="Border"]
polygon = PoolVector2Array( -1127.64, 1127.62, -929.649, 1133.28, -734.488, 1121.97, -457.302, 1028.63, -324.366, 1076.71, -321.537, 1107.83, -352.65, 1187.02, -382.169, 1286.06, 472.128, 1292.74, 481.736, 1155.91, 611.843, 765.585, 620.329, 191.415, 756.093, -114.055, 739.123, -589.231, 894.686, -807.02, -1105.01, -823.99 )

[node name="CollisionPolygon2D" type="CollisionPolygon2D" parent="Border"]
polygon = PoolVector2Array( -456.92, 1468.93, 473.463, 1467.6, 427.996, 1687.65, 456.28, 1780.99, 436.481, 1976.15, 501.536, 2114.75, 512.849, 2222.23, 611.844, 2425.87, 657.099, 2374.96, 744.78, 2338.19, 956.913, 2414.56, 1123.79, 2536.18, 1115.3, 2575.78, 999.338, 2652.15, 1084.19, 2708.72, 1251.07, 2782.25, 1417.95, 2884.08, 1426.4, 2908.3, 1377.19, 2963.86, 1308.93, 2995.61, 1551.8, 3228.95, 1662.92, 3373.41, 1707.37, 3419.44, 1708.95, 3452.78, 1696.25, 3492.46, 1659.74, 3517.86, 1559.74, 3541.67, 1327.98, 3565.48, 1154.95, 3546.43, 1031.14, 3567.07, 900.969, 3555.96, 729.529, 3562.31, 453.321, 3476.59, 262.833, 3424.2, 145.365, 3446.43, -35.5986, 3435.32, -414.987, 3446.43, -564.203, 3438.49, -670.559, 3459.13, -842, 3436.9, -954.705, 3428.97, -1083.28, 3322.61, -1119.79, 3192.44, -1119.79, 3195.62, -1172.18, 3087.67, -673.629, 2559.46, -692.756, 1754.8, -778.431, 1719.52, -704.785, 1686.3, -643.354, 1617.38, -572.934, 1569.44, -527.985, 1525.99, -487.53, 1509.5 )

[node name="Bridge" parent="." instance=ExtResource( 38 )]
position = Vector2( 7597.1, 1608.17 )

[node name="BridgeForeground" type="Node2D" parent="."]
position = Vector2( 7608.69, 2010.16 )
scale = Vector2( 2, 2 )

[node name="new" type="Sprite" parent="BridgeForeground"]
light_mask = 32
texture = ExtResource( 39 )

[node name="AncientDancer" parent="." instance=ExtResource( 41 )]
position = Vector2( 690.679, 158.489 )

[node name="DodoSleeping" parent="." instance=ExtResource( 43 )]
position = Vector2( 5337.02, 524.483 )

[node name="DodoCards" parent="." instance=ExtResource( 44 )]
position = Vector2( -1349.8, 1254.31 )

[node name="DodoEnclosure" parent="." instance=ExtResource( 19 )]
position = Vector2( 2991.56, -498.172 )

[node name="Soldier" parent="." instance=ExtResource( 47 )]

[node name="Church" type="StaticBody2D" parent="."]
position = Vector2( 11067.9, 2303.92 )
scale = Vector2( 0.6, 0.6 )
__meta__ = {
"_edit_group_": true
}

[node name="Sprite" type="Sprite" parent="Church"]
texture = ExtResource( 46 )

[node name="CollisionPolygon2D" type="CollisionPolygon2D" parent="Church"]
polygon = PoolVector2Array( -306.191, 161.499, -300.198, -12.3046, 299.125, -16.7995, 306.616, 171.987 )

[node name="new" type="Sprite" parent="Church"]
light_mask = 32
position = Vector2( 1, -284.344 )
texture = ExtResource( 45 )

[node name="FountainSmall" parent="." instance=ExtResource( 42 )]
position = Vector2( -777.553, -524.998 )
