[gd_scene load_steps=12 format=2]

[ext_resource path="res://assets/desert/soldier_wink.png" type="Texture" id=1]
[ext_resource path="res://characters/communication/communication_area.tscn" type="PackedScene" id=2]
[ext_resource path="res://dialog/dialog.tscn" type="PackedScene" id=3]
[ext_resource path="res://questlog/quest.tscn" type="PackedScene" id=4]
[ext_resource path="res://ruins/soldier.gd" type="Script" id=5]

[sub_resource type="AtlasTexture" id=1]
flags = 4
atlas = ExtResource( 1 )
region = Rect2( 0, 0, 300, 360 )

[sub_resource type="AtlasTexture" id=2]
flags = 4
atlas = ExtResource( 1 )
region = Rect2( 300, 0, 300, 360 )

[sub_resource type="AtlasTexture" id=3]
flags = 4
atlas = ExtResource( 1 )
region = Rect2( 600, 0, 300, 360 )

[sub_resource type="AtlasTexture" id=4]
flags = 4
atlas = ExtResource( 1 )
region = Rect2( 900, 0, 300, 360 )

[sub_resource type="SpriteFrames" id=5]
animations = [ {
"frames": [ SubResource( 1 ), SubResource( 2 ), SubResource( 3 ), SubResource( 4 ) ],
"loop": true,
"name": "default",
"speed": 7.0
} ]

[sub_resource type="RectangleShape2D" id=6]
extents = Vector2( 52.7559, 35.4878 )

[node name="Soldier" type="StaticBody2D"]
light_mask = 0
position = Vector2( 11105.7, 2432.9 )
script = ExtResource( 5 )

[node name="AnimatedSprite" type="AnimatedSprite" parent="."]
light_mask = 32
position = Vector2( 4.55469, -50.5547 )
scale = Vector2( 0.5, 0.5 )
frames = SubResource( 5 )
frame = 2
playing = true

[node name="CollisionShape2D" type="CollisionShape2D" parent="."]
position = Vector2( -0.943359, 0 )
scale = Vector2( 0.5, 0.5 )
shape = SubResource( 6 )

[node name="CommunicationArea" parent="." instance=ExtResource( 2 )]
position = Vector2( -0.944336, -0.943848 )

[node name="FirstDialog" parent="." instance=ExtResource( 3 )]
dialog_text = "Heeeeey! Heeeeeeey! Oh you see me?"
first_button_text = "Ehm… yea…?"
second_button_text = "..."

[node name="FinallyDialog" parent="." instance=ExtResource( 3 )]
dialog_text = "Finally someone sees me. 
I stumbled and need medicine. Can you help me?"
first_button_text = "Yes, of course."
second_button_text = "Are you a ghost?"

[node name="GhostDialog" parent="." instance=ExtResource( 3 )]
dialog_text = "No, I'm not a ghost! 
I'm a soldier from ... ah doesn't matter… I'm injured, please help me. "
first_button_text = "Okay"
second_button_text = "I don't trust you. You must be a ghost!"

[node name="Quest" parent="." instance=ExtResource( 4 )]
description = "The soldier stumbled. Bring him medicine."

[node name="ThankYouDialog" parent="." instance=ExtResource( 3 )]
dialog_text = "Oh you brought me medicine. Thank you!"
first_button_text = "No problem"

[node name="Node2D" type="Node2D" parent="."]

[node name="WindDialog" parent="." instance=ExtResource( 3 )]
dialog_text = "You hear the door creaking."
first_button_text = "It's definitley the wind."
second_button_text = "The door needs to be oiled."
[connection signal="talk" from="CommunicationArea" to="." method="has_medicine"]
[connection signal="first_button_pressed" from="FirstDialog" to="FinallyDialog" method="show"]
[connection signal="first_button_pressed" from="FinallyDialog" to="Quest" method="accept"]
[connection signal="second_button_pressed" from="FinallyDialog" to="GhostDialog" method="show"]
[connection signal="first_button_pressed" from="GhostDialog" to="Quest" method="accept"]
