[gd_scene load_steps=5 format=2]

[ext_resource path="res://assets/ruins/gate_ruin.png" type="Texture" id=1]
[ext_resource path="res://assets/ruins/gate.png" type="Texture" id=2]
[ext_resource path="res://ruins/wall_piece_low.tscn" type="PackedScene" id=3]
[ext_resource path="res://ruins/wall_piece_high.tscn" type="PackedScene" id=4]

[node name="Wall" type="Node2D"]
position = Vector2( -0.159775, 0.787109 )

[node name="WallPieceLow" parent="." instance=ExtResource( 3 )]
position = Vector2( 1630.85, 1.06017 )

[node name="WallPieceHigh" parent="." instance=ExtResource( 4 )]
position = Vector2( 1034.04, -4.90645 )

[node name="WallPieceHigh2" parent="." instance=ExtResource( 4 )]
position = Vector2( 2232.23, -5.13203 )

[node name="WallPieceLow2" parent="." instance=ExtResource( 3 )]
position = Vector2( 2824.97, 0.69466 )

[node name="WallPieceLow3" parent="." instance=ExtResource( 3 )]
position = Vector2( -1018.97, -2.94937 )

[node name="WallPieceHigh3" parent="." instance=ExtResource( 4 )]
position = Vector2( -1615.61, -8.87019 )

[node name="WallPieceHigh4" parent="." instance=ExtResource( 4 )]
position = Vector2( -2212.63, -8.82775 )

[node name="Gate" type="StaticBody2D" parent="."]
position = Vector2( 4.23412, 8.52539 )
__meta__ = {
"_edit_group_": true
}

[node name="Gate_old" type="Sprite" parent="Gate"]
position = Vector2( -2.99658, -289.173 )
scale = Vector2( 2, 2 )
texture = ExtResource( 1 )

[node name="CollisionPolygon2D" type="CollisionPolygon2D" parent="Gate"]
position = Vector2( -4.49493, -289.173 )
polygon = PoolVector2Array( -731.283, 424.238, -732.87, 387.728, -753.506, 382.965, -753.506, 255.973, -577.305, 252.799, -580.479, 386.14, -604.29, 389.315, -601.116, 425.825 )

[node name="CollisionPolygon2D2" type="CollisionPolygon2D" parent="Gate"]
position = Vector2( -1.49829, -290.672 )
polygon = PoolVector2Array( -394.753, 386.14, -394.753, 243.274, -158.23, 244.862, -156.643, 386.14, -234.426, 392.49, -236.013, 433.762, -370.942, 432.175, -370.942, 390.902 )

[node name="CollisionPolygon2D3" type="CollisionPolygon2D" parent="Gate"]
position = Vector2( -2.99658, -293.668 )
polygon = PoolVector2Array( 144.149, 245.905, 142.814, 387.398, 225.574, 392.737, 225.574, 431.447, 357.723, 432.782, 359.058, 391.402, 388.424, 390.067, 388.424, 247.24 )

[node name="CollisionPolygon2D4" type="CollisionPolygon2D" parent="Gate"]
position = Vector2( 0, -293.668 )
polygon = PoolVector2Array( 564.623, 248.574, 565.958, 388.732, 585.981, 391.402, 588.65, 431.447, 719.465, 430.113, 723.469, 386.063, 744.827, 384.728, 746.161, 237.896 )

[node name="Gate_new" type="Sprite" parent="Gate"]
light_mask = 32
position = Vector2( -7.92507, -483.562 )
scale = Vector2( 2, 2 )
texture = ExtResource( 2 )
