[gd_scene load_steps=7 format=2]

[ext_resource path="res://assets/desert/carpet.png" type="Texture" id=1]
[ext_resource path="res://desert/bush.gd" type="Script" id=2]
[ext_resource path="res://assets/desert/npc1.png" type="Texture" id=3]
[ext_resource path="res://dialog/dialog.tscn" type="PackedScene" id=4]
[ext_resource path="res://characters/communication/communication_area.tscn" type="PackedScene" id=6]

[sub_resource type="Animation" id=1]
resource_name = "idle"
length = 2.0
loop = true
tracks/0/type = "bezier"
tracks/0/path = NodePath("../Person:rotation_degrees")
tracks/0/interp = 1
tracks/0/loop_wrap = true
tracks/0/imported = false
tracks/0/enabled = true
tracks/0/keys = {
"points": PoolRealArray( -5, -0.25, 0, 0.25, 0, 5, -0.25, 0, 0.25, 0, -5, -0.25, 0, 0.25, 0 ),
"times": PoolRealArray( 0, 1, 2 )
}

[node name="Bush" type="Node2D"]
script = ExtResource( 2 )

[node name="Carpet" type="Sprite" parent="."]
position = Vector2( 3.69885, 60.5023 )
texture = ExtResource( 1 )

[node name="AnimationPlayer" type="AnimationPlayer" parent="Carpet"]
root_node = NodePath("../../Person")
autoplay = "idle"
anims/idle = SubResource( 1 )

[node name="CommunicationArea" parent="Carpet" instance=ExtResource( 6 )]
position = Vector2( -9, -50 )

[node name="Person" type="Sprite" parent="."]
position = Vector2( -0.1886, -0.413601 )
rotation = -0.0872665
scale = Vector2( 0.5, 0.5 )
texture = ExtResource( 3 )

[node name="FirstDialog" parent="." instance=ExtResource( 4 )]
dialog_text = "Hello there!
Do you want to buy something?"
first_button_text = "Yes"
second_button_text = "No"

[node name="FishDialog" parent="." instance=ExtResource( 4 )]
dialog_text = "According to the Food and Agriculture Organization of the United Nations, fish prices hit record heights in early 2018 on tight wild supplies and strong global demand.

The Global Fish Price Index has been around 100 in the past 10 years. That is an increase of roughly a third compared to 30 years ago.

[url]http://www.fao.org/in-action/globefish/market-reports/resource-detail/en/c/1181786/[/url]
[url]http://www.fao.org/in-action/globefish/fishery-information/world-fish-market/[/url]"
first_button_text = "ok, thank you, that helps me a lot"

[node name="SecondDialog" parent="." instance=ExtResource( 4 )]
dialog_text = "Great! What would you like to have?
I have all different kinds of fresh fruits and vegetables available."
first_button_text = "do you have qu'umcuencholitas?"
second_button_text = "how much is the fish?"

[node name="NoQuumcuencholitasDialog" parent="." instance=ExtResource( 4 )]
dialog_text = "No, sorry!
Maybe another merchant has some.
Can I help you with something else?"
first_button_text = "thank you, that's all"
second_button_text = "how much is the fish?"

[node name="PlentyQuumcuencholitasDialog" parent="." instance=ExtResource( 4 )]
dialog_text = "Yes, here you are.
Bon appétit!"
first_button_text = "thank you"

[node name="EnoughQuumcuencholitasDialog" parent="." instance=ExtResource( 4 )]
dialog_text = "I think you've had enough.
Please leave some for other people."
first_button_text = "ok... but... how much is the fish?"
[connection signal="talk" from="Carpet/CommunicationArea" to="FirstDialog" method="show"]
[connection signal="first_button_pressed" from="FirstDialog" to="SecondDialog" method="show"]
[connection signal="first_button_pressed" from="SecondDialog" to="." method="apply_litmus_test"]
[connection signal="second_button_pressed" from="SecondDialog" to="FishDialog" method="show"]
[connection signal="second_button_pressed" from="NoQuumcuencholitasDialog" to="FishDialog" method="show"]
[connection signal="first_button_pressed" from="PlentyQuumcuencholitasDialog" to="." method="like_the_carpet"]
[connection signal="first_button_pressed" from="EnoughQuumcuencholitasDialog" to="FishDialog" method="show"]
