[gd_scene load_steps=37 format=2]

[ext_resource path="res://assets/desert/drummer2_strip.png" type="Texture" id=1]
[ext_resource path="res://assets/desert/drummer_strips.png" type="Texture" id=2]
[ext_resource path="res://assets/desert/dancer_strip.png" type="Texture" id=3]
[ext_resource path="res://dialog/dialog.tscn" type="PackedScene" id=4]
[ext_resource path="res://questlog/quest.tscn" type="PackedScene" id=5]
[ext_resource path="res://characters/communication/communication_area.tscn" type="PackedScene" id=6]
[ext_resource path="res://player/playerDesertDance.png" type="Texture" id=7]
[ext_resource path="res://desert/dancer.gd" type="Script" id=8]

[sub_resource type="AtlasTexture" id=1]
flags = 4
atlas = ExtResource( 1 )
region = Rect2( 0, 0, 220, 270 )

[sub_resource type="AtlasTexture" id=2]
flags = 4
atlas = ExtResource( 1 )
region = Rect2( 220, 0, 220, 270 )

[sub_resource type="SpriteFrames" id=3]
animations = [ {
"frames": [ SubResource( 1 ), SubResource( 2 ) ],
"loop": true,
"name": "New Anim",
"speed": 4.0
} ]

[sub_resource type="RectangleShape2D" id=4]
extents = Vector2( 34.6767, 29.7378 )

[sub_resource type="AtlasTexture" id=5]
flags = 4
atlas = ExtResource( 2 )
region = Rect2( 0, 0, 260, 270 )

[sub_resource type="AtlasTexture" id=6]
flags = 4
atlas = ExtResource( 2 )
region = Rect2( 260, 0, 260, 270 )

[sub_resource type="SpriteFrames" id=7]
animations = [ {
"frames": [ SubResource( 5 ), SubResource( 6 ) ],
"loop": true,
"name": "New Anim",
"speed": 3.0
} ]

[sub_resource type="AtlasTexture" id=8]
flags = 4
atlas = ExtResource( 3 )
region = Rect2( 0, 0, 340, 320 )

[sub_resource type="AtlasTexture" id=9]
flags = 4
atlas = ExtResource( 3 )
region = Rect2( 340, 0, 340, 320 )

[sub_resource type="AtlasTexture" id=10]
flags = 4
atlas = ExtResource( 3 )
region = Rect2( 680, 0, 340, 320 )

[sub_resource type="AtlasTexture" id=11]
flags = 4
atlas = ExtResource( 3 )
region = Rect2( 1020, 0, 340, 320 )

[sub_resource type="AtlasTexture" id=12]
flags = 4
atlas = ExtResource( 3 )
region = Rect2( 1360, 0, 340, 320 )

[sub_resource type="AtlasTexture" id=13]
flags = 4
atlas = ExtResource( 3 )
region = Rect2( 1700, 0, 340, 320 )

[sub_resource type="AtlasTexture" id=14]
flags = 4
atlas = ExtResource( 3 )
region = Rect2( 2040, 0, 340, 320 )

[sub_resource type="AtlasTexture" id=15]
flags = 4
atlas = ExtResource( 3 )
region = Rect2( 2380, 0, 340, 320 )

[sub_resource type="AtlasTexture" id=16]
flags = 4
atlas = ExtResource( 3 )
region = Rect2( 2720, 0, 340, 320 )

[sub_resource type="SpriteFrames" id=17]
animations = [ {
"frames": [ SubResource( 8 ), SubResource( 9 ), SubResource( 10 ), SubResource( 11 ), SubResource( 12 ), SubResource( 13 ), SubResource( 14 ), SubResource( 15 ), SubResource( 16 ) ],
"loop": true,
"name": "default",
"speed": 8.0
} ]

[sub_resource type="RectangleShape2D" id=18]
extents = Vector2( 50, 35 )

[sub_resource type="AtlasTexture" id=19]
flags = 4
atlas = ExtResource( 7 )
region = Rect2( 0, 0, 340, 320 )

[sub_resource type="AtlasTexture" id=20]
flags = 4
atlas = ExtResource( 7 )
region = Rect2( 340, 0, 340, 320 )

[sub_resource type="AtlasTexture" id=21]
flags = 4
atlas = ExtResource( 7 )
region = Rect2( 680, 0, 340, 320 )

[sub_resource type="AtlasTexture" id=22]
flags = 4
atlas = ExtResource( 7 )
region = Rect2( 1020, 0, 340, 320 )

[sub_resource type="AtlasTexture" id=23]
flags = 4
atlas = ExtResource( 7 )
region = Rect2( 1360, 0, 340, 320 )

[sub_resource type="AtlasTexture" id=24]
flags = 4
atlas = ExtResource( 7 )
region = Rect2( 1700, 0, 340, 320 )

[sub_resource type="AtlasTexture" id=25]
flags = 4
atlas = ExtResource( 7 )
region = Rect2( 2040, 0, 340, 320 )

[sub_resource type="AtlasTexture" id=26]
flags = 4
atlas = ExtResource( 7 )
region = Rect2( 2380, 0, 340, 320 )

[sub_resource type="AtlasTexture" id=27]
flags = 4
atlas = ExtResource( 7 )
region = Rect2( 2720, 0, 340, 320 )

[sub_resource type="SpriteFrames" id=28]
animations = [ {
"frames": [ SubResource( 19 ), SubResource( 20 ), SubResource( 21 ), SubResource( 22 ), SubResource( 23 ), SubResource( 24 ), SubResource( 25 ), SubResource( 26 ), SubResource( 27 ) ],
"loop": true,
"name": "default",
"speed": 8.0
} ]

[node name="EntertainmentGroup" type="YSort"]
__meta__ = {
"_edit_vertical_guides_": [ -155.019 ]
}

[node name="Drummer2" type="StaticBody2D" parent="."]
position = Vector2( 224.43, 44.018 )
__meta__ = {
"_edit_group_": true
}

[node name="AnimatedSprite" type="AnimatedSprite" parent="Drummer2"]
position = Vector2( 0.149292, -54.8286 )
scale = Vector2( 0.5, 0.5 )
frames = SubResource( 3 )
animation = "New Anim"
frame = 1
playing = true

[node name="CollisionShape2D" type="CollisionShape2D" parent="Drummer2"]
position = Vector2( 5.39825, -27.1541 )
shape = SubResource( 4 )

[node name="CommunicationArea" parent="Drummer2" instance=ExtResource( 6 )]
position = Vector2( 1.5874, -31.748 )

[node name="QuestionDialog" parent="Drummer2" instance=ExtResource( 4 )]
dialog_text = "do you know what a jungle is?"
first_button_text = "no, sorry"
second_button_text = "I think something green."

[node name="NoDialog" parent="Drummer2" instance=ExtResource( 4 )]
dialog_text = "Too bad. Can you find one for me?"
first_button_text = "yes, sure"

[node name="Drummer1" type="StaticBody2D" parent="."]
position = Vector2( 93.93, 5.301 )

[node name="AnimatedSprite" type="AnimatedSprite" parent="Drummer1"]
position = Vector2( 12.1729, -50.483 )
scale = Vector2( 0.5, 0.5 )
frames = SubResource( 7 )
animation = "New Anim"
frame = 1
playing = true

[node name="CollisionShape2D" type="CollisionShape2D" parent="Drummer1"]
position = Vector2( 1.17926, -17.1534 )
shape = SubResource( 4 )

[node name="CommunicationArea" parent="Drummer1" instance=ExtResource( 6 )]
position = Vector2( -4.76221, -17.4614 )

[node name="Dialog" parent="Drummer1" instance=ExtResource( 4 )]
dialog_text = "rung ka tung ra rung tung tung"
first_button_text = "yeah"
second_button_text = "ka tung"

[node name="Dancer" type="StaticBody2D" parent="."]
position = Vector2( 176.94, 70.769 )
script = ExtResource( 8 )

[node name="AnimatedSprite" type="AnimatedSprite" parent="Dancer"]
position = Vector2( -25.4271, -6.35678 )
scale = Vector2( 0.5, 0.5 )
frames = SubResource( 17 )
playing = true

[node name="CollisionShape2D" type="CollisionShape2D" parent="Dancer"]
position = Vector2( -39.9021, 36.9601 )
shape = SubResource( 18 )
__meta__ = {
"_edit_group_": true
}

[node name="CommunicationArea" parent="Dancer" instance=ExtResource( 6 )]
position = Vector2( -46.9341, 19.4695 )

[node name="DancerDialog" parent="Dancer" instance=ExtResource( 4 )]
dialog_text = "Do you want to dance?"
first_button_text = "Sure"

[node name="DanceQuest" parent="Dancer" instance=ExtResource( 5 )]
description = "You must learn how to [tornado]waltz[/tornado].
That will be a multistep process."

[node name="PlayerDancing" type="AnimatedSprite" parent="Dancer"]
visible = false
position = Vector2( -165.594, -10.7012 )
scale = Vector2( 0.5, 0.5 )
frames = SubResource( 28 )
frame = 8
playing = true

[node name="NiceDialog" parent="Dancer" instance=ExtResource( 4 )]
dialog_text = "How nice! Find more [tornado]dances[/tornado]. "
first_button_text = "Okay."
[connection signal="talk" from="Drummer2/CommunicationArea" to="Drummer2/QuestionDialog" method="show"]
[connection signal="first_button_pressed" from="Drummer2/QuestionDialog" to="Drummer2/NoDialog" method="show"]
[connection signal="talk" from="Drummer1/CommunicationArea" to="Drummer1/Dialog" method="show"]
[connection signal="talk" from="Dancer/CommunicationArea" to="Dancer/DancerDialog" method="show"]
[connection signal="first_button_pressed" from="Dancer/DancerDialog" to="Dancer/DanceQuest" method="accept"]
[connection signal="first_button_pressed" from="Dancer/DancerDialog" to="Dancer" method="dancing"]
