[gd_scene load_steps=10 format=2]

[ext_resource path="res://assets/woods/leaf2.png" type="Texture" id=1]
[ext_resource path="res://assets/woods/witheredTree.png" type="Texture" id=2]
[ext_resource path="res://assets/woods/tree_of_spirit.png" type="Texture" id=3]
[ext_resource path="res://dialog/dialog.tscn" type="PackedScene" id=4]
[ext_resource path="res://characters/communication/communication_area.tscn" type="PackedScene" id=5]
[ext_resource path="res://questlog/quest.tscn" type="PackedScene" id=6]
[ext_resource path="res://desert/tree_of_spirit.gd" type="Script" id=7]

[sub_resource type="RectangleShape2D" id=2]
extents = Vector2( 26.1826, 34.8785 )

[sub_resource type="RectangleShape2D" id=1]
extents = Vector2( 25.3947, 21.0772 )

[node name="TreeOfSpirit" type="StaticBody2D"]
script = ExtResource( 7 )

[node name="withered" type="Sprite" parent="."]
position = Vector2( 24.2854, -77.0409 )
scale = Vector2( 0.7, 0.7 )
texture = ExtResource( 2 )

[node name="live" type="Sprite" parent="."]
visible = false
light_mask = 512
position = Vector2( 18.2252, -75.0647 )
scale = Vector2( 0.7, 0.7 )
texture = ExtResource( 3 )

[node name="CollisionShape2D" type="CollisionShape2D" parent="."]
position = Vector2( 2.80615, -11.7858 )
shape = SubResource( 2 )

[node name="Leaf" type="StaticBody2D" parent="."]
visible = false
position = Vector2( 85.6367, 28.4627 )
__meta__ = {
"_edit_group_": true
}

[node name="Sprite" type="Sprite" parent="Leaf"]
light_mask = 512
position = Vector2( 4.48984, -21.3268 )
scale = Vector2( 0.5, 0.5 )
texture = ExtResource( 1 )

[node name="CollisionShape2D" type="CollisionShape2D" parent="Leaf"]
position = Vector2( -1.1225, 1.12244 )
shape = SubResource( 1 )

[node name="CommunicationArea" parent="Leaf" instance=ExtResource( 5 )]
position = Vector2( 1.92783, -19.6433 )

[node name="FirstDialog" parent="." instance=ExtResource( 4 )]
dialog_text = "I planted the Tree of Spirit here. But this place is too dry."
first_button_text = "Yes, that's the desert."
second_button_text = "Can I help you?"

[node name="HelpDialog" parent="." instance=ExtResource( 4 )]
dialog_text = "Please, bring me water from Fountain of Life. I heard about Water of LIfe in an ancient writing. This can help. "
first_button_text = "Okay."

[node name="Quest" parent="." instance=ExtResource( 6 )]
description = "Bring the Water of Life to the Beechleaf in the desert. "

[node name="QuestDialog" parent="." instance=ExtResource( 4 )]
dialog_text = "Please bring me the Water of Life. Otherwise the Tree of Spirit is dying. "
first_button_text = "I'll do my best."

[node name="QuestClearDialog" parent="." instance=ExtResource( 4 )]
dialog_text = "Look! The Tree of Spirit is living. In hundred of years a forest will emerge here!"
first_button_text = "That sounds good."

[node name="GiveDialog" parent="." instance=ExtResource( 4 )]
dialog_text = "Oh you bring me the Water of Life!"
first_button_text = "Yes, here."

[node name="WitheredDialog" parent="." instance=ExtResource( 4 )]
dialog_text = "It's a withered tree. "
first_button_text = "Quite often in the desert."

[node name="CommunicationAreaTree" parent="." instance=ExtResource( 5 )]

[node name="TreeOfSpiritDialog" parent="." instance=ExtResource( 4 )]
dialog_text = "This is the growing Tree of Spirit."
first_button_text = "Impressive"
[connection signal="talk" from="Leaf/CommunicationArea" to="." method="selectDialog"]
[connection signal="second_button_pressed" from="FirstDialog" to="HelpDialog" method="show"]
[connection signal="first_button_pressed" from="HelpDialog" to="Quest" method="accept"]
[connection signal="first_button_pressed" from="GiveDialog" to="." method="giveWaterOfLife"]
[connection signal="talk" from="CommunicationAreaTree" to="." method="selectDialogTree"]
