[gd_scene load_steps=17 format=2]

[ext_resource path="res://loading_screen/loading_shrooms.gd" type="Script" id=1]
[ext_resource path="res://assets/woods/animated_mushroom.png" type="Texture" id=5]
[ext_resource path="res://assets/woods/animated_mushroom_right.png" type="Texture" id=6]

[sub_resource type="AtlasTexture" id=1]
flags = 4
atlas = ExtResource( 5 )
region = Rect2( 0, 0, 579, 273 )

[sub_resource type="AtlasTexture" id=2]
flags = 4
atlas = ExtResource( 5 )
region = Rect2( 0, 273, 579, 273 )

[sub_resource type="AtlasTexture" id=3]
flags = 4
atlas = ExtResource( 5 )
region = Rect2( 0, 546, 579, 273 )

[sub_resource type="AtlasTexture" id=4]
flags = 4
atlas = ExtResource( 5 )
region = Rect2( 0, 819, 579, 273 )

[sub_resource type="AtlasTexture" id=5]
flags = 4
atlas = ExtResource( 5 )
region = Rect2( 0, 1092, 579, 273 )

[sub_resource type="AtlasTexture" id=6]
flags = 4
atlas = ExtResource( 5 )
region = Rect2( 0, 1365, 579, 273 )

[sub_resource type="AtlasTexture" id=7]
flags = 4
atlas = ExtResource( 6 )
region = Rect2( 0, 0, 579, 273 )

[sub_resource type="AtlasTexture" id=8]
flags = 4
atlas = ExtResource( 6 )
region = Rect2( 0, 273, 579, 273 )

[sub_resource type="AtlasTexture" id=9]
flags = 4
atlas = ExtResource( 6 )
region = Rect2( 0, 546, 579, 273 )

[sub_resource type="AtlasTexture" id=10]
flags = 4
atlas = ExtResource( 6 )
region = Rect2( 0, 819, 579, 273 )

[sub_resource type="AtlasTexture" id=11]
flags = 4
atlas = ExtResource( 6 )
region = Rect2( 0, 1092, 579, 273 )

[sub_resource type="AtlasTexture" id=12]
flags = 4
atlas = ExtResource( 6 )
region = Rect2( 0, 1365, 579, 273 )

[sub_resource type="SpriteFrames" id=13]
animations = [ {
"frames": [ SubResource( 1 ), SubResource( 2 ), SubResource( 3 ), SubResource( 4 ), SubResource( 5 ), SubResource( 6 ) ],
"loop": true,
"name": "left",
"speed": 7.0
}, {
"frames": [ SubResource( 7 ), SubResource( 8 ), SubResource( 9 ), SubResource( 10 ), SubResource( 11 ), SubResource( 12 ) ],
"loop": true,
"name": "right",
"speed": 7.0
} ]

[node name="Mushroom" type="StaticBody2D"]
position = Vector2( -17.8516, 6.14758 )
script = ExtResource( 1 )
__meta__ = {
"_edit_group_": true
}

[node name="AnimatedSprite" type="AnimatedSprite" parent="."]
scale = Vector2( 0.5, 0.5 )
frames = SubResource( 13 )
animation = "right"
frame = 4
playing = true
