[gd_scene load_steps=23 format=2]

[ext_resource path="res://assets/woods/chestnut_leaf.png" type="Texture" id=1]
[ext_resource path="res://assets/woods/beechnut.png" type="Texture" id=2]
[ext_resource path="res://assets/woods/bush_wiggle.png" type="Texture" id=3]
[ext_resource path="res://characters/communication/communication_area.tscn" type="PackedScene" id=4]
[ext_resource path="res://dialog/dialog.tscn" type="PackedScene" id=5]
[ext_resource path="res://questlog/quest.tscn" type="PackedScene" id=6]
[ext_resource path="res://woods/beechnut_and_chesnut_group.gd" type="Script" id=7]
[ext_resource path="res://assets/ruins/dodo_ani.png" type="Texture" id=8]
[ext_resource path="res://woods/dodo_bush.gd" type="Script" id=9]
[ext_resource path="res://characters/aura/aura.tscn" type="PackedScene" id=10]

[sub_resource type="RectangleShape2D" id=1]
extents = Vector2( 26.3648, 23.7356 )

[sub_resource type="RectangleShape2D" id=2]
extents = Vector2( 26.4626, 32.2063 )

[sub_resource type="AtlasTexture" id=3]
flags = 4
atlas = ExtResource( 3 )
region = Rect2( 0, 0, 278, 230 )

[sub_resource type="AtlasTexture" id=4]
flags = 4
atlas = ExtResource( 3 )
region = Rect2( 278, 0, 278, 230 )

[sub_resource type="AtlasTexture" id=5]
flags = 4
atlas = ExtResource( 3 )
region = Rect2( 556, 0, 278, 230 )

[sub_resource type="AtlasTexture" id=6]
flags = 4
atlas = ExtResource( 3 )
region = Rect2( 834, 0, 278, 230 )

[sub_resource type="SpriteFrames" id=7]
animations = [ {
"frames": [ SubResource( 3 ), SubResource( 4 ), SubResource( 5 ), SubResource( 6 ) ],
"loop": true,
"name": "default",
"speed": 6.0
} ]

[sub_resource type="AtlasTexture" id=8]
flags = 4
atlas = ExtResource( 8 )
region = Rect2( 0, 0, 240, 240 )

[sub_resource type="AtlasTexture" id=9]
flags = 4
atlas = ExtResource( 8 )
region = Rect2( 240, 0, 240, 240 )

[sub_resource type="AtlasTexture" id=10]
flags = 4
atlas = ExtResource( 8 )
region = Rect2( 480, 0, 240, 240 )

[sub_resource type="SpriteFrames" id=11]
animations = [ {
"frames": [ SubResource( 8 ), SubResource( 9 ), SubResource( 10 ) ],
"loop": true,
"name": "default",
"speed": 10.0
} ]

[sub_resource type="RectangleShape2D" id=12]
extents = Vector2( 23.1265, 19.4464 )

[node name="BeechnutAndChesnutGroup" type="Node2D"]
script = ExtResource( 7 )

[node name="Beechnut" type="StaticBody2D" parent="."]
position = Vector2( 378.423, 56.6996 )
__meta__ = {
"_edit_group_": true
}

[node name="Sprite" type="Sprite" parent="Beechnut"]
position = Vector2( 2.97302, -51.7305 )
scale = Vector2( 0.7, 0.7 )
texture = ExtResource( 2 )

[node name="CollisionShape2D" type="CollisionShape2D" parent="Beechnut"]
position = Vector2( -3.56763, 4.16225 )
shape = SubResource( 1 )

[node name="Aura" parent="Beechnut" instance=ExtResource( 10 )]
position = Vector2( 5.89306, -25.3984 )
aura_type = 50

[node name="ChestnutLeaf" type="StaticBody2D" parent="."]
position = Vector2( 288.379, 10.1041 )

[node name="Sprite" type="Sprite" parent="ChestnutLeaf"]
scale = Vector2( 0.7, 0.7 )
texture = ExtResource( 1 )

[node name="CollisionShape2D" type="CollisionShape2D" parent="ChestnutLeaf"]
position = Vector2( -8.90894, 43.6541 )
shape = SubResource( 2 )

[node name="AuraChestNutLeafe" parent="ChestnutLeaf" instance=ExtResource( 10 )]
position = Vector2( -7.15442, 22.2473 )
aura_type = 50

[node name="BushWiggle" type="StaticBody2D" parent="."]
position = Vector2( -17.8018, 1.11792 )
__meta__ = {
"_edit_group_": true
}

[node name="AnimatedSprite" type="AnimatedSprite" parent="BushWiggle"]
frames = SubResource( 7 )
frame = 2
playing = true

[node name="CollisionPolygon2D" type="CollisionPolygon2D" parent="BushWiggle"]
polygon = PoolVector2Array( -11.9933, 130.067, -82.9773, 97.2238, -118.999, 43.1912, -107.637, 12.5593, -106.888, 3.56942, 126.796, 6.11005, 121.499, 80.2724, 56.8718, 125.829 )

[node name="BushCommunicationArea" parent="." instance=ExtResource( 4 )]
position = Vector2( -20.1298, 80.5192 )

[node name="NutsCommunicationArea" parent="." instance=ExtResource( 4 )]
position = Vector2( 320.589, 34.1017 )

[node name="Dialog" parent="." instance=ExtResource( 5 )]
dialog_text = "Beechnut: The bush wiggles. What is there in the bush? I'm afraid.
Chestnut: We already looked behind the bush, but there is nothig..."
first_button_text = "I think, there is a ghost."
second_button_text = "Should I have a look too?"

[node name="GhostDialog" parent="." instance=ExtResource( 5 )]
dialog_text = "Beechnut an Chestnut: A GHHHHHHHHOST?! Oh no, I'm afraid!"
first_button_text = "Yea… it is scary."

[node name="Quest" parent="." instance=ExtResource( 6 )]
description = "Beechnut and Chestnut become scared of the wiggling bush. 
Find out what's in the bush."

[node name="QuestDialog" parent="." instance=ExtResource( 5 )]
dialog_text = "Oh please find out what's in the bush."
first_button_text = "Don't worry."

[node name="BushDialog" parent="." instance=ExtResource( 5 )]
dialog_text = "Hm... the bush is wiggling... But there is nothing..."
first_button_text = "Interessting..."
second_button_text = "Scary..."

[node name="BushDialogDodo" parent="." instance=ExtResource( 5 )]
dialog_text = "Wild DODO appeared!"
first_button_text = "A Dodo!"

[node name="DodoBush" type="StaticBody2D" parent="."]
position = Vector2( -11.0001, 9.21609 )
script = ExtResource( 9 )
__meta__ = {
"_edit_group_": true
}

[node name="AnimatedSprite" type="AnimatedSprite" parent="DodoBush"]
position = Vector2( -6.73477, -10.1022 )
scale = Vector2( 0.5, 0.5 )
frames = SubResource( 11 )
frame = 1
playing = true

[node name="CollisionShape2D" type="CollisionShape2D" parent="DodoBush"]
position = Vector2( 0.529732, 16.4217 )
shape = SubResource( 12 )

[node name="DodoCommunicationArea" parent="DodoBush" instance=ExtResource( 4 )]
position = Vector2( -2.75159, -21.4519 )

[node name="DodoDialog" parent="DodoBush" instance=ExtResource( 5 )]
dialog_text = "Dodo?"
first_button_text = "Catch!"
second_button_text = "Escape"

[node name="DialogLeave" parent="DodoBush" instance=ExtResource( 5 )]
dialog_text = "This Dodo is scared up."
first_button_text = "Leave it alone"

[node name="CatchDodoDialog" parent="DodoBush" instance=ExtResource( 5 )]
dialog_text = "Gotcha! Dodo was caught!"
first_button_text = "Yeah!"

[node name="TryAgainDialog" parent="DodoBush" instance=ExtResource( 5 )]
dialog_text = "You missed the Dodo."
first_button_text = "Try again!"
second_button_text = "Escape"

[node name="InEnclosureDialog" parent="DodoBush" instance=ExtResource( 5 )]
dialog_text = "Dodo?"
first_button_text = "Dodo!"

[node name="QuestClearDialog" parent="." instance=ExtResource( 5 )]
dialog_text = "Beechnut: Oh I have never seen such animal in the woods.
Chestnut: I hear, it is a Dodo."
first_button_text = "The Dodo was in the bush!"

[node name="NothingDialog" parent="." instance=ExtResource( 5 )]
dialog_text = "There is nothing behind the bush. "
first_button_text = "Okay."
[connection signal="talk" from="BushCommunicationArea" to="." method="selectBushDialog"]
[connection signal="talk" from="NutsCommunicationArea" to="." method="selectDialogs"]
[connection signal="first_button_pressed" from="Dialog" to="GhostDialog" method="show"]
[connection signal="second_button_pressed" from="Dialog" to="QuestDialog" method="show"]
[connection signal="second_button_pressed" from="Dialog" to="Quest" method="accept"]
[connection signal="talk" from="DodoBush/DodoCommunicationArea" to="DodoBush" method="wasFound"]
[connection signal="first_button_pressed" from="DodoBush/DodoDialog" to="DodoBush" method="catchDodo"]
[connection signal="second_button_pressed" from="DodoBush/DodoDialog" to="DodoBush" method="leaveDodoAlone"]
[connection signal="first_button_pressed" from="DodoBush/DialogLeave" to="DodoBush" method="leaveDodoAlone"]
[connection signal="first_button_pressed" from="DodoBush/CatchDodoDialog" to="DodoBush" method="sentToDodoEnclosure"]
[connection signal="first_button_pressed" from="DodoBush/TryAgainDialog" to="DodoBush" method="catchDodo"]
[connection signal="second_button_pressed" from="DodoBush/TryAgainDialog" to="DodoBush" method="leaveDodoAlone"]
[connection signal="first_button_pressed" from="QuestClearDialog" to="." method="questClear"]
